@article{DBLP:journals/corr/ZophL16,
  author    = {Barret Zoph and
               Quoc V. Le},
  title     = {Neural Architecture Search with Reinforcement Learning},
  journal   = {CoRR},
  volume    = {abs/1611.01578},
  year      = {2016},
  url       = {http://arxiv.org/abs/1611.01578},
  archivePrefix = {arXiv},
  eprint    = {1611.01578},
  timestamp = {Wed, 07 Jun 2017 14:42:02 +0200},
  biburl    = {https://dblp.org/rec/bib/journals/corr/ZophL16},
  bibsource = {dblp computer science bibliography, https://dblp.org}
}

@article{Dupret08,
  author    = {David Dupret and
               Jean-Michel Revest and
               Muriel Koehl and
               Francois Ichas and
               Francesca De Giorgi and
               Pierre Costet and
               Djoher Nora Abrous and
               Pier Vincenzo Piazza},
  title     = {Spatial Relational Memory Requires Hippocampal Adult Neurogenesis},
  journal   = {PLoS ONE},
  volume    = {3},
  year      = {2008},
}

@article{DBLP:journals/corr/KingmaB14,
  author    = {Diederik P. Kingma and
               Jimmy Ba},
  title     = {Adam: {A} Method for Stochastic Optimization},
  journal   = {CoRR},
  volume    = {abs/1412.6980},
  year      = {2014},
  url       = {http://arxiv.org/abs/1412.6980},
  archivePrefix = {arXiv},
  eprint    = {1412.6980},
  timestamp = {Wed, 07 Jun 2017 14:40:52 +0200},
  biburl    = {https://dblp.org/rec/bib/journals/corr/KingmaB14},
  bibsource = {dblp computer science bibliography, https://dblp.org}
}

@article{DBLP:journals/corr/HeessTSLMWTEWER17,
  author    = {Nicolas Heess and
               Dhruva TB and
               Srinivasan Sriram and
               Jay Lemmon and
               Josh Merel and
               Greg Wayne and
               Yuval Tassa and
               Tom Erez and
               Ziyu Wang and
               S. M. Ali Eslami and
               Martin A. Riedmiller and
               David Silver},
  title     = {Emergence of Locomotion Behaviours in Rich Environments},
  journal   = {CoRR},
  volume    = {abs/1707.02286},
  year      = {2017},
  url       = {http://arxiv.org/abs/1707.02286},
  archivePrefix = {arXiv},
  eprint    = {1707.02286},
  timestamp = {Tue, 08 Aug 2017 15:06:57 +0200},
  biburl    = {https://dblp.org/rec/bib/journals/corr/HeessTSLMWTEWER17},
  bibsource = {dblp computer science bibliography, https://dblp.org}
}
